@article {Anel-Toen09,
    AUTHOR = {Anel, Mathieu and To\"en, Bertrand},
     TITLE = {D\'enombrabilit\'e des classes d'\'equivalences d\'eriv\'ees de vari\'et\'es
              alg\'ebriques},
   JOURNAL = {J. Algebraic Geom.},
  FJOURNAL = {Journal of Algebraic Geometry},
    VOLUME = {18},
      YEAR = {2009},
    NUMBER = {2},
     PAGES = {257--277},
      ISSN = {1056-3911},
   MRCLASS = {14F05 (14A20 14D20 18E30)},
  MRNUMBER = {2475815},
MRREVIEWER = {David A. Blanc},
       URL = {https://doi.org/10.1090/S1056-3911-08-00487-6},
}
@article {ABCH13,
    AUTHOR = {Arcara, Daniele and Bertram, Aaron and Coskun, Izzet and
              Huizenga, Jack},
     TITLE = {The minimal model program for the {H}ilbert scheme of points
              on {$\mathbb{P}^2$} and {B}ridgeland stability},
   JOURNAL = {Adv. Math.},
  FJOURNAL = {Advances in Mathematics},
    VOLUME = {235},
      YEAR = {2013},
     PAGES = {580--626},
      ISSN = {0001-8708},
   MRCLASS = {14E30 (14C05 14D23)},
  MRNUMBER = {3010070},
MRREVIEWER = {Yifei Chen},
       URL = {https://doi.org/10.1016/j.aim.2012.11.018},
}
@incollection {ATV90,
    AUTHOR = {Artin, M. and Tate, J. and Van den Bergh, M.},
     TITLE = {Some algebras associated to automorphisms of elliptic curves},
 BOOKTITLE = {The {G}rothendieck {F}estschrift, {V}ol.\ {I}},
    SERIES = {Progr. Math.},
    VOLUME = {86},
     PAGES = {33--85},
 PUBLISHER = {Birkh\"auser Boston, Boston, MA},
      YEAR = {1990},
   MRCLASS = {14A22 (14H52 16E10 16W50)},
  MRNUMBER = {1086882},
MRREVIEWER = {S. Paul Smith},
}
@article {AZ94,
    AUTHOR = {Artin, M. and Zhang, J. J.},
     TITLE = {Noncommutative projective schemes},
   JOURNAL = {Adv. Math.},
  FJOURNAL = {Advances in Mathematics},
    VOLUME = {109},
      YEAR = {1994},
    NUMBER = {2},
     PAGES = {228--287},
      ISSN = {0001-8708},
   MRCLASS = {14A22},
  MRNUMBER = {1304753},
MRREVIEWER = {Michel Van den Bergh},
       URL = {https://doi.org/10.1006/aima.1994.1087},
}
@article {AS95,
    AUTHOR = {Artin, M. and Stafford, J. T.},
     TITLE = {Noncommutative graded domains with quadratic growth},
   JOURNAL = {Invent. Math.},
  FJOURNAL = {Inventiones Mathematicae},
    VOLUME = {122},
      YEAR = {1995},
    NUMBER = {2},
     PAGES = {231--276},
      ISSN = {0020-9910},
   MRCLASS = {16P90 (16W50)},
  MRNUMBER = {1358976},
MRREVIEWER = {Michel Van den Bergh},
       URL = {https://doi.org/10.1007/BF01231444},
}
@incollection {Artin97,
    AUTHOR = {Artin, M.},
     TITLE = {Some problems on three-dimensional graded domains},
 BOOKTITLE = {Representation theory and algebraic geometry ({W}altham, {MA},
              1995)},
    SERIES = {London Math. Soc. Lecture Note Ser.},
    VOLUME = {238},
     PAGES = {1--19},
 PUBLISHER = {Cambridge Univ. Press, Cambridge},
      YEAR = {1997},
   MRCLASS = {16W50 (14A22)},
  MRNUMBER = {1477464},
MRREVIEWER = {Michel Van den Bergh},
}
@article {AS87,
    AUTHOR = {Artin, Michael and Schelter, William F.},
     TITLE = {Graded algebras of global dimension {$3$}},
   JOURNAL = {Adv. in Math.},
  FJOURNAL = {Advances in Mathematics},
    VOLUME = {66},
      YEAR = {1987},
    NUMBER = {2},
     PAGES = {171--216},
      ISSN = {0001-8708},
   MRCLASS = {16A03 (16A48)},
  MRNUMBER = {917738},
MRREVIEWER = {Jean-Pierre van Deuren},
       URL = {https://doi.org/10.1016/0001-8708(87)90034-X},
}
@article {MR2415388,
    AUTHOR = {Auroux, Denis and Katzarkov, Ludmil and Orlov, Dmitri},
     TITLE = {Mirror symmetry for weighted projective planes and their
              noncommutative deformations},
   JOURNAL = {Ann. of Math. (2)},
  FJOURNAL = {Annals of Mathematics. Second Series},
    VOLUME = {167},
      YEAR = {2008},
    NUMBER = {3},
     PAGES = {867--943},
      ISSN = {0003-486X},
   MRCLASS = {53D40 (14A22 14J32 18E30 53D12)},
  MRNUMBER = {2415388},
MRREVIEWER = {Justin Sawon},
       URL = {https://doi.org/10.4007/annals.2008.167.867},
}
@ARTICLE{BF17,
   author = {{Ballard}, M.~R. and {Farman}, B.~A.},
    title = "{Kernels for Noncommutative Projective Schemes}",
  journal = {ArXiv e-prints},
archivePrefix = "arXiv",
   eprint = {1709.06470},
 primaryClass = "math.RA",
 keywords = {Mathematics - Rings and Algebras, Mathematics - Algebraic Geometry, Mathematics - Category Theory, Mathematics - Quantum Algebra, 14A22, 16D90},
     year = 2017,
    month = sep,
   adsurl = {http://adsabs.harvard.edu/abs/2017arXiv170906470B},
  adsnote = {Provided by the SAO/NASA Astrophysics Data System}
}
@article {MR2926991,
    AUTHOR = {Ballard, Matthew and Favero, David},
     TITLE = {Hochschild dimensions of tilting objects},
   JOURNAL = {Int. Math. Res. Not. IMRN},
  FJOURNAL = {International Mathematics Research Notices. IMRN},
      YEAR = {2012},
    NUMBER = {11},
     PAGES = {2607--2645},
      ISSN = {1073-7928},
   MRCLASS = {14F05 (18E30)},
  MRNUMBER = {2926991},
MRREVIEWER = {Pawel Sosna},
       URL = {https://doi.org/10.1093/imrn/rnr124},
}
@article {BFK14,
    AUTHOR = {Ballard, Matthew and Favero, David and Katzarkov, Ludmil},
     TITLE = {A category of kernels for equivariant factorizations and its
              implications for {H}odge theory},
   JOURNAL = {Publ. Math. Inst. Hautes \'Etudes Sci.},
  FJOURNAL = {Publications Math\'ematiques. Institut de Hautes \'Etudes
              Scientifiques},
    VOLUME = {120},
      YEAR = {2014},
     PAGES = {1--111},
      ISSN = {0073-8301},
   MRCLASS = {14F05 (14C30 18E30 18G55)},
  MRNUMBER = {3270588},
MRREVIEWER = {Pawel Sosna},
       URL = {https://doi.org/10.1007/s10240-013-0059-9},
}
@article {Bayer-Macri14b,
    AUTHOR = {Bayer, Arend and Macr\`\i , Emanuele},
     TITLE = {Projectivity and birational geometry of {B}ridgeland moduli
              spaces},
   JOURNAL = {J. Amer. Math. Soc.},
  FJOURNAL = {Journal of the American Mathematical Society},
    VOLUME = {27},
      YEAR = {2014},
    NUMBER = {3},
     PAGES = {707--752},
      ISSN = {0894-0347},
   MRCLASS = {14D20 (14E30 14F05 14J28)},
  MRNUMBER = {3194493},
MRREVIEWER = {P. E. Newstead},
       URL = {https://doi.org/10.1090/S0894-0347-2014-00790-6},
}
@article {Bayer-Macri14a,
    AUTHOR = {Bayer, Arend and Macr\`\i , Emanuele},
     TITLE = {M{MP} for moduli of sheaves on {K}3s via wall-crossing: nef
              and movable cones, {L}agrangian fibrations},
   JOURNAL = {Invent. Math.},
  FJOURNAL = {Inventiones Mathematicae},
    VOLUME = {198},
      YEAR = {2014},
    NUMBER = {3},
     PAGES = {505--590},
      ISSN = {0020-9910},
   MRCLASS = {14D20 (14E30 14F05 14J28)},
  MRNUMBER = {3279532},
MRREVIEWER = {Francesco Sala},
       URL = {https://doi.org/10.1007/s00222-014-0501-8},
}
@article {BFN10,
    AUTHOR = {Ben-Zvi, David and Francis, John and Nadler, David},
     TITLE = {Integral transforms and {D}rinfeld centers in derived
              algebraic geometry},
   JOURNAL = {J. Amer. Math. Soc.},
  FJOURNAL = {Journal of the American Mathematical Society},
    VOLUME = {23},
      YEAR = {2010},
    NUMBER = {4},
     PAGES = {909--966},
      ISSN = {0894-0347},
   MRCLASS = {14D23 (14F05 18D10 18E30)},
  MRNUMBER = {2669705},
MRREVIEWER = {Andrei D. Halanay},
       URL = {https://doi.org/10.1090/S0894-0347-10-00669-7},
}
@INPROCEEDINGS{Bondal-Orlov,
   author = {{Bondal}, A. and {Orlov}, D.},
    title = "{Semiorthogonal decomposition for algebraic varieties}",
 keywords = {Mathematics - Algebraic Geometry},
booktitle = {eprint arXiv:alg-geom/9506012},
     year = 1995,
    month = jun,
   adsurl = {http://adsabs.harvard.edu/abs/1995alg.geom..6012B},
  adsnote = {Provided by the SAO/NASA Astrophysics Data System}
}
@article {BVdB,
    AUTHOR = {Bondal, A. and van den Bergh, M.},
     TITLE = {Generators and representability of functors in commutative and
              noncommutative geometry},
   JOURNAL = {Mosc. Math. J.},
  FJOURNAL = {Moscow Mathematical Journal},
    VOLUME = {3},
      YEAR = {2003},
    NUMBER = {1},
     PAGES = {1--36, 258},
      ISSN = {1609-3321},
   MRCLASS = {18E30 (14F05)},
  MRNUMBER = {1996800},
MRREVIEWER = {Ioannis Emmanouil},
}
@book {MR1315049,
    AUTHOR = {Borceux, Francis},
     TITLE = {Handbook of categorical algebra. 3},
    SERIES = {Encyclopedia of Mathematics and its Applications},
    VOLUME = {52},
      NOTE = {Categories of sheaves},
 PUBLISHER = {Cambridge University Press, Cambridge},
      YEAR = {1994},
     PAGES = {xviii+522},
      ISBN = {0-521-44180-3},
   MRCLASS = {18-02 (18B25 18F20)},
  MRNUMBER = {1315049},
MRREVIEWER = {Martin Hyland},
}
@book {MR1313497,
    AUTHOR = {Borceux, Francis},
     TITLE = {Handbook of categorical algebra. 2},
    SERIES = {Encyclopedia of Mathematics and its Applications},
    VOLUME = {51},
      NOTE = {Categories and structures},
 PUBLISHER = {Cambridge University Press, Cambridge},
      YEAR = {1994},
     PAGES = {xviii+443},
      ISBN = {0-521-44179-X},
   MRCLASS = {18-02 (18Exx)},
  MRNUMBER = {1313497},
MRREVIEWER = {Martin Hyland},
}
@book {MR1291599,
    AUTHOR = {Borceux, Francis},
     TITLE = {Handbook of categorical algebra. 1},
    SERIES = {Encyclopedia of Mathematics and its Applications},
    VOLUME = {50},
      NOTE = {Basic category theory},
 PUBLISHER = {Cambridge University Press, Cambridge},
      YEAR = {1994},
     PAGES = {xvi+345},
      ISBN = {0-521-44178-1},
   MRCLASS = {18-02 (18Axx)},
  MRNUMBER = {1291599},
MRREVIEWER = {Martin Hyland},
}
@article {Bridgeland02,
    AUTHOR = {Bridgeland, Tom},
     TITLE = {Flops and derived categories},
   JOURNAL = {Invent. Math.},
  FJOURNAL = {Inventiones Mathematicae},
    VOLUME = {147},
      YEAR = {2002},
    NUMBER = {3},
     PAGES = {613--632},
      ISSN = {0020-9910},
   MRCLASS = {14E30 (14D22 14F05 14J30 14J32 18E30)},
  MRNUMBER = {1893007},
MRREVIEWER = {Jiun-Cheng Chen},
       URL = {https://doi.org/10.1007/s002220100185},
}
@incollection {Bridgeland06,
    AUTHOR = {Bridgeland, Tom},
     TITLE = {Derived categories of coherent sheaves},
 BOOKTITLE = {International {C}ongress of {M}athematicians. {V}ol. {II}},
     PAGES = {563--582},
 PUBLISHER = {Eur. Math. Soc., Z\"urich},
      YEAR = {2006},
   MRCLASS = {14F05 (14J32 18E30)},
  MRNUMBER = {2275610},
MRREVIEWER = {Paolo Stellari},
}
@article {Bridgeland07,
    AUTHOR = {Bridgeland, Tom},
     TITLE = {Stability conditions on triangulated categories},
   JOURNAL = {Ann. of Math. (2)},
  FJOURNAL = {Annals of Mathematics. Second Series},
    VOLUME = {166},
      YEAR = {2007},
    NUMBER = {2},
     PAGES = {317--345},
      ISSN = {0003-486X},
   MRCLASS = {14F05 (18E30)},
  MRNUMBER = {2373143},
MRREVIEWER = {Leovigildo M. Alonso Tarrio},
       URL = {https://doi.org/10.4007/annals.2007.166.317},
}
@article {Bridgeland08,
    AUTHOR = {Bridgeland, Tom},
     TITLE = {Stability conditions on {$K3$} surfaces},
   JOURNAL = {Duke Math. J.},
  FJOURNAL = {Duke Mathematical Journal},
    VOLUME = {141},
      YEAR = {2008},
    NUMBER = {2},
     PAGES = {241--291},
      ISSN = {0012-7094},
   MRCLASS = {14F05 (14J28 18E30)},
  MRNUMBER = {2376815},
MRREVIEWER = {Andrei D. Halanay},
       URL = {https://doi.org/10.1215/S0012-7094-08-14122-5},
}
@article {enumerative,
    AUTHOR = {Candelas, Philip and de la Ossa, Xenia C. and Green, Paul S.
              and Parkes, Linda},
     TITLE = {A pair of {C}alabi-{Y}au manifolds as an exactly soluble
              superconformal theory},
   JOURNAL = {Nuclear Phys. B},
  FJOURNAL = {Nuclear Physics. B. Theoretical, Phenomenological, and
              Experimental High Energy Physics. Quantum Field Theory and
              Statistical Systems},
    VOLUME = {359},
      YEAR = {1991},
    NUMBER = {1},
     PAGES = {21--74},
      ISSN = {0550-3213},
   MRCLASS = {32G20 (14J15 14J30 32G05 32G81 81T30 81T40)},
  MRNUMBER = {1115626},
MRREVIEWER = {Bruce Hunt},
       URL = {https://doi.org/10.1016/0550-3213(91)90292-6},
}
@article {CS15,
    AUTHOR = {Canonaco, Alberto and Stellari, Paolo},
     TITLE = {Internal {H}oms via extensions of dg functors},
   JOURNAL = {Adv. Math.},
  FJOURNAL = {Advances in Mathematics},
    VOLUME = {277},
      YEAR = {2015},
     PAGES = {100--123},
      ISSN = {0001-8708},
   MRCLASS = {18E30 (14F05 18D10)},
  MRNUMBER = {3336084},
MRREVIEWER = {Pieter Belmans},
       URL = {https://doi.org/10.1016/j.aim.2015.03.004},
}
@article {MR1878801,
    AUTHOR = {Douglas, Michael R. and Nekrasov, Nikita A.},
     TITLE = {Noncommutative field theory},
   JOURNAL = {Rev. Modern Phys.},
  FJOURNAL = {Reviews of Modern Physics},
    VOLUME = {73},
      YEAR = {2001},
    NUMBER = {4},
     PAGES = {977--1029},
      ISSN = {0034-6861},
   MRCLASS = {81T75 (58B34 81-02 81R60 81T13)},
  MRNUMBER = {1878801},
MRREVIEWER = {Johannes Walcher},
       URL = {https://doi.org/10.1103/RevModPhys.73.977},
}
@article {Dyckerhoff11,
    AUTHOR = {Dyckerhoff, Tobias},
     TITLE = {Compact generators in categories of matrix factorizations},
   JOURNAL = {Duke Math. J.},
  FJOURNAL = {Duke Mathematical Journal},
    VOLUME = {159},
      YEAR = {2011},
    NUMBER = {2},
     PAGES = {223--274},
      ISSN = {0012-7094},
   MRCLASS = {18E30 (14A22 14B05 16E40)},
  MRNUMBER = {2824483},
MRREVIEWER = {Arvid Siqveland},
       URL = {https://doi.org/10.1215/00127094-1415869},
}
@article {DCA62,
    AUTHOR = {Gabriel, Pierre},
     TITLE = {Des cat\'egories ab\'eliennes},
   JOURNAL = {Bull. Soc. Math. France},
  FJOURNAL = {Bulletin de la Soci\'et\'e Math\'ematique de France},
    VOLUME = {90},
      YEAR = {1962},
     PAGES = {323--448},
      ISSN = {0037-9484},
   MRCLASS = {18.20},
  MRNUMBER = {0232821},
MRREVIEWER = {T.-Y. Lam},
       URL = {http://www.numdam.org/item?id=BSMF_1962__90__323_0},
}
@book {Hovey99,
    AUTHOR = {Hovey, Mark},
     TITLE = {Model categories},
    SERIES = {Mathematical Surveys and Monographs},
    VOLUME = {63},
 PUBLISHER = {American Mathematical Society, Providence, RI},
      YEAR = {1999},
     PAGES = {xii+209},
      ISBN = {0-8218-1359-5},
   MRCLASS = {55U35 (18D15 18G30 18G55)},
  MRNUMBER = {1650134},
MRREVIEWER = {Teimuraz Pirashvili},
}
@article {Hovey01,
    AUTHOR = {Hovey, Mark},
     TITLE = {Model category structures on chain complexes of sheaves},
   JOURNAL = {Trans. Amer. Math. Soc.},
  FJOURNAL = {Transactions of the American Mathematical Society},
    VOLUME = {353},
      YEAR = {2001},
    NUMBER = {6},
     PAGES = {2441--2457},
      ISSN = {0002-9947},
   MRCLASS = {18F20 (14F05 18E15 18E30 55U35)},
  MRNUMBER = {1814077},
MRREVIEWER = {J. F. Jardine},
       URL = {https://doi.org/10.1090/S0002-9947-01-02721-0},
}
@book {HuybrechtsFMT,
    AUTHOR = {Huybrechts, D.},
     TITLE = {Fourier-{M}ukai transforms in algebraic geometry},
    SERIES = {Oxford Mathematical Monographs},
 PUBLISHER = {The Clarendon Press, Oxford University Press, Oxford},
      YEAR = {2006},
     PAGES = {viii+307},
      ISBN = {978-0-19-929686-6; 0-19-929686-3},
   MRCLASS = {14F05 (14-02 18E30)},
  MRNUMBER = {2244106},
MRREVIEWER = {Bal\'azs Szendr\H oi},
       URL = {https://doi.org/10.1093/acprof:oso/9780199296866.001.0001},
}
@article {Kanazawa15,
    AUTHOR = {Kanazawa, Atsushi},
     TITLE = {Non-commutative projective {C}alabi-{Y}au schemes},
   JOURNAL = {J. Pure Appl. Algebra},
  FJOURNAL = {Journal of Pure and Applied Algebra},
    VOLUME = {219},
      YEAR = {2015},
    NUMBER = {7},
     PAGES = {2771--2780},
      ISSN = {0022-4049},
   MRCLASS = {14A22 (16S38)},
  MRNUMBER = {3313507},
MRREVIEWER = {Graham J. Leuschke},
       URL = {https://doi.org/10.1016/j.jpaa.2014.09.027},
}
@article {Kawamata02,
    AUTHOR = {Kawamata, Yujiro},
     TITLE = {{$D$}-equivalence and {$K$}-equivalence},
   JOURNAL = {J. Differential Geom.},
  FJOURNAL = {Journal of Differential Geometry},
    VOLUME = {61},
      YEAR = {2002},
    NUMBER = {1},
     PAGES = {147--171},
      ISSN = {0022-040X},
   MRCLASS = {14F05 (14E05 14E30 18E30)},
  MRNUMBER = {1949787},
MRREVIEWER = {Ana Jerem\'\i as L\'opez},
       URL = {http://projecteuclid.org/euclid.jdg/1090351323},
}
@article {Keller95,
    AUTHOR = {Keller, Bernhard},
     TITLE = {Deriving {DG} categories},
   JOURNAL = {Ann. Sci. \'Ecole Norm. Sup. (4)},
  FJOURNAL = {Annales Scientifiques de l'\'Ecole Normale Sup\'erieure. Quatri\`eme
              S\'erie},
    VOLUME = {27},
      YEAR = {1994},
    NUMBER = {1},
     PAGES = {63--102},
      ISSN = {0012-9593},
   MRCLASS = {18E30 (16D90)},
  MRNUMBER = {1258406},
MRREVIEWER = {Jeremy Rickard},
       URL = {http://www.numdam.org/item?id=ASENS_1994_4_27_1_63_0},
}
@inproceedings {Kontsevich95,
    AUTHOR = {Kontsevich, Maxim},
     TITLE = {Homological algebra of mirror symmetry},
 BOOKTITLE = {Proceedings of the {I}nternational {C}ongress of
              {M}athematicians, {V}ol.\ 1, 2 ({Z}\"urich, 1994)},
     PAGES = {120--139},
 PUBLISHER = {Birkh\"auser, Basel},
      YEAR = {1995},
   MRCLASS = {32J25 (14D07 14J32 18E30 32G05)},
  MRNUMBER = {1403918},
MRREVIEWER = {Claire Voisin},
}
@article {Lesieutre15,
    AUTHOR = {Lesieutre, John},
     TITLE = {Derived-equivalent rational threefolds},
   JOURNAL = {Int. Math. Res. Not. IMRN},
  FJOURNAL = {International Mathematics Research Notices. IMRN},
      YEAR = {2015},
    NUMBER = {15},
     PAGES = {6011--6020},
      ISSN = {1073-7928},
   MRCLASS = {14F05 (14J30)},
  MRNUMBER = {3384470},
MRREVIEWER = {Cristian V. Anghel},
       URL = {https://doi.org/10.1093/imrn/rnu117},
}
@article {Lunts-Orlov,
    AUTHOR = {Lunts, Valery A. and Orlov, Dmitri O.},
     TITLE = {Uniqueness of enhancement for triangulated categories},
   JOURNAL = {J. Amer. Math. Soc.},
  FJOURNAL = {Journal of the American Mathematical Society},
    VOLUME = {23},
      YEAR = {2010},
    NUMBER = {3},
     PAGES = {853--908},
      ISSN = {0894-0347},
   MRCLASS = {14F05 (18E30)},
  MRNUMBER = {2629991},
MRREVIEWER = {Andrei D. Halanay},
       URL = {https://doi.org/10.1090/S0894-0347-10-00664-8},
}
@article {MR674404,
    AUTHOR = {Mather, John N. and Yau, Stephen S. T.},
     TITLE = {Classification of isolated hypersurface singularities by their
              moduli algebras},
   JOURNAL = {Invent. Math.},
  FJOURNAL = {Inventiones Mathematicae},
    VOLUME = {69},
      YEAR = {1982},
    NUMBER = {2},
     PAGES = {243--251},
      ISSN = {0020-9910},
   MRCLASS = {32B30 (14B05)},
  MRNUMBER = {674404},
MRREVIEWER = {Alexandru Dimca},
       URL = {https://doi.org/10.1007/BF01399504},
}
@article {MR0096700,
    AUTHOR = {Morita, Kiiti},
     TITLE = {Duality for modules and its applications to the theory of
              rings with minimum condition},
   JOURNAL = {Sci. Rep. Tokyo Kyoiku Daigaku Sect. A},
    VOLUME = {6},
      YEAR = {1958},
     PAGES = {83--142},
   MRCLASS = {16.00},
  MRNUMBER = {0096700},
MRREVIEWER = {D. Zelinsky},
}
@incollection {Mukai87,
    AUTHOR = {Mukai, Shigeru},
     TITLE = {On the moduli space of bundles on {$K3$} surfaces. {I}},
 BOOKTITLE = {Vector bundles on algebraic varieties ({B}ombay, 1984)},
    SERIES = {Tata Inst. Fund. Res. Stud. Math.},
    VOLUME = {11},
     PAGES = {341--413},
 PUBLISHER = {Tata Inst. Fund. Res., Bombay},
      YEAR = {1987},
   MRCLASS = {14J28 (14D22 14F05)},
  MRNUMBER = {893604},
MRREVIEWER = {Mei Chu Chang},
}
@article {Mukai81,
    AUTHOR = {Mukai, Shigeru},
     TITLE = {Duality between {$D(X)$}\ and {$D(\hat X)$}\ with its
              application to {P}icard sheaves},
   JOURNAL = {Nagoya Math. J.},
  FJOURNAL = {Nagoya Mathematical Journal},
    VOLUME = {81},
      YEAR = {1981},
     PAGES = {153--175},
      ISSN = {0027-7630},
   MRCLASS = {14K05 (14H40)},
  MRNUMBER = {607081},
MRREVIEWER = {Allen B. Altman},
       URL = {http://projecteuclid.org/euclid.nmj/1118786312},
}
@book {MR1812507,
    AUTHOR = {Neeman, Amnon},
     TITLE = {Triangulated categories},
    SERIES = {Annals of Mathematics Studies},
    VOLUME = {148},
 PUBLISHER = {Princeton University Press, Princeton, NJ},
      YEAR = {2001},
     PAGES = {viii+449},
      ISBN = {0-691-08685-0; 0-691-08686-9},
   MRCLASS = {18E30 (55-02 55N20 55U35)},
  MRNUMBER = {1812507},
MRREVIEWER = {Stanis\l aw Betley},
       URL = {https://doi.org/10.1515/9781400837212},
}
@article {Orlov97,
    AUTHOR = {Orlov, D. O.},
     TITLE = {Equivalences of derived categories and {$K3$} surfaces},
      NOTE = {Algebraic geometry, 7},
   JOURNAL = {J. Math. Sci. (New York)},
  FJOURNAL = {Journal of Mathematical Sciences (New York)},
    VOLUME = {84},
      YEAR = {1997},
    NUMBER = {5},
     PAGES = {1361--1381},
      ISSN = {1072-3374},
   MRCLASS = {14J28 (14F05 18E30)},
  MRNUMBER = {1465519},
MRREVIEWER = {Jong Hae Keum},
       URL = {https://doi.org/10.1007/BF02399195},
}
@incollection {MR2641200,
    AUTHOR = {Orlov, Dmitri},
     TITLE = {Derived categories of coherent sheaves and triangulated
              categories of singularities},
 BOOKTITLE = {Algebra, arithmetic, and geometry: in honor of {Y}u. {I}.
              {M}anin. {V}ol. {II}},
    SERIES = {Progr. Math.},
    VOLUME = {270},
     PAGES = {503--531},
 PUBLISHER = {Birkh\"auser Boston, Inc., Boston, MA},
      YEAR = {2009},
   MRCLASS = {14F05 (14B05 16E35 18E30 81T30)},
  MRNUMBER = {2641200},
MRREVIEWER = {Yasunari Nagai},
       URL = {https://doi.org/10.1007/978-0-8176-4747-6_16},
}
@article {PV12,
    AUTHOR = {Polishchuk, Alexander and Vaintrob, Arkady},
     TITLE = {Chern characters and {H}irzebruch-{R}iemann-{R}och formula for
              matrix factorizations},
   JOURNAL = {Duke Math. J.},
  FJOURNAL = {Duke Mathematical Journal},
    VOLUME = {161},
      YEAR = {2012},
    NUMBER = {10},
     PAGES = {1863--1926},
      ISSN = {0012-7094},
   MRCLASS = {14F05 (16E40 18G60)},
  MRNUMBER = {2954619},
MRREVIEWER = {David Favero},
       URL = {https://doi.org/10.1215/00127094-1645540},
}
@article {Reiten-VdB02,
    AUTHOR = {Reiten, I. and Van den Bergh, M.},
     TITLE = {Noetherian hereditary abelian categories satisfying {S}erre
              duality},
   JOURNAL = {J. Amer. Math. Soc.},
  FJOURNAL = {Journal of the American Mathematical Society},
    VOLUME = {15},
      YEAR = {2002},
    NUMBER = {2},
     PAGES = {295--366},
      ISSN = {0894-0347},
   MRCLASS = {18E10 (16G10 16G20 18E30 18G20)},
  MRNUMBER = {1887637},
MRREVIEWER = {A. Verschoren},
       URL = {https://doi.org/10.1090/S0894-0347-02-00387-9},
}
@article {MR1002456,
    AUTHOR = {Rickard, Jeremy},
     TITLE = {Morita theory for derived categories},
   JOURNAL = {J. London Math. Soc. (2)},
  FJOURNAL = {Journal of the London Mathematical Society. Second Series},
    VOLUME = {39},
      YEAR = {1989},
    NUMBER = {3},
     PAGES = {436--456},
      ISSN = {0024-6107},
   MRCLASS = {18E30 (16D90)},
  MRNUMBER = {1002456},
MRREVIEWER = {Autorreferat},
       URL = {https://doi.org/10.1112/jlms/s2-39.3.436},
}
@article {MR2520352,
    AUTHOR = {Rogalski, D. and Stafford, J. T.},
     TITLE = {A class of noncommutative projective surfaces},
   JOURNAL = {Proc. Lond. Math. Soc. (3)},
  FJOURNAL = {Proceedings of the London Mathematical Society. Third Series},
    VOLUME = {99},
      YEAR = {2009},
    NUMBER = {1},
     PAGES = {100--144},
      ISSN = {0024-6115},
   MRCLASS = {14A22 (16S38)},
  MRNUMBER = {2520352},
MRREVIEWER = {Xin Tang},
       URL = {https://doi.org/10.1112/plms/pdn054},
}
@article {Spaltenstein88,
    AUTHOR = {Spaltenstein, N.},
     TITLE = {Resolutions of unbounded complexes},
   JOURNAL = {Compositio Math.},
  FJOURNAL = {Compositio Mathematica},
    VOLUME = {65},
      YEAR = {1988},
    NUMBER = {2},
     PAGES = {121--154},
      ISSN = {0010-437X},
   MRCLASS = {18E25 (32C35)},
  MRNUMBER = {932640},
MRREVIEWER = {Michael M. Kapranov},
       URL = {http://www.numdam.org/item?id=CM_1988__65_2_121_0},
}
@article {MR1816070,
    AUTHOR = {Stafford, J. T. and van den Bergh, M.},
     TITLE = {Noncommutative curves and noncommutative surfaces},
   JOURNAL = {Bull. Amer. Math. Soc. (N.S.)},
  FJOURNAL = {American Mathematical Society. Bulletin. New Series},
    VOLUME = {38},
      YEAR = {2001},
    NUMBER = {2},
     PAGES = {171--216},
      ISSN = {0273-0979},
   MRCLASS = {16S38 (14A22 16P90 16W50 18E15)},
  MRNUMBER = {1816070},
MRREVIEWER = {Darin R. Stephenson},
       URL = {https://doi.org/10.1090/S0273-0979-01-00894-1},
}
@inproceedings {Stafford02,
    AUTHOR = {Stafford, J. T.},
     TITLE = {Noncommutative projective geometry},
 BOOKTITLE = {Proceedings of the {I}nternational {C}ongress of
              {M}athematicians, {V}ol. {II} ({B}eijing, 2002)},
     PAGES = {93--103},
 PUBLISHER = {Higher Ed. Press, Beijing},
      YEAR = {2002},
   MRCLASS = {16S38 (14A22)},
  MRNUMBER = {1957024},
}
@book {Stenstrom75,
    AUTHOR = {Stenstr\"om, Bo},
     TITLE = {Rings of quotients},
     SERIES= {Die Grundlehren der Mathematischen Wissenschaften},
     VOLUME = {217},
      SUBTITLE = {An introduction to methods of ring theory},
 PUBLISHER = {Springer-Verlag, New York - Heidelberg},
      YEAR = {1975},
     PAGES = {viii+309},
   MRCLASS = {16-02},
  MRNUMBER = {0389953},
MRREVIEWER = {G. Michler},
}
@article {Stephenson96,
    AUTHOR = {Stephenson, D. R.},
     TITLE = {Artin-{S}chelter regular algebras of global dimension three},
   JOURNAL = {J. Algebra},
  FJOURNAL = {Journal of Algebra},
    VOLUME = {183},
      YEAR = {1996},
    NUMBER = {1},
     PAGES = {55--73},
      ISSN = {0021-8693},
   MRCLASS = {16W50 (16E10 16P40)},
  MRNUMBER = {1397387},
MRREVIEWER = {Joanna M. Staniszkis},
       URL = {https://doi.org/10.1006/jabr.1996.0207},
}
@article {Stephenson97,
    AUTHOR = {Stephenson, Darin R.},
     TITLE = {Algebras associated to elliptic curves},
   JOURNAL = {Trans. Amer. Math. Soc.},
  FJOURNAL = {Transactions of the American Mathematical Society},
    VOLUME = {349},
      YEAR = {1997},
    NUMBER = {6},
     PAGES = {2317--2340},
      ISSN = {0002-9947},
   MRCLASS = {16W50 (14A22)},
  MRNUMBER = {1390046},
MRREVIEWER = {Michel Van den Bergh},
       URL = {https://doi.org/10.1090/S0002-9947-97-01769-8},
}
@article {Tabuada05,
    AUTHOR = {Tabuada, Goncalo},
     TITLE = {Une structure de cat\'egorie de mod\`eles de {Q}uillen sur la
              cat\'egorie des dg-cat\'egories},
   JOURNAL = {C. R. Math. Acad. Sci. Paris},
  FJOURNAL = {Comptes Rendus Math\'ematique. Acad\'emie des Sciences. Paris},
    VOLUME = {340},
      YEAR = {2005},
    NUMBER = {1},
     PAGES = {15--19},
      ISSN = {1631-073X},
   MRCLASS = {18E99},
  MRNUMBER = {2112034},
       URL = {https://doi.org/10.1016/j.crma.2004.11.007},
}
@article {Toen07,
    AUTHOR = {To\"en, Bertrand},
     TITLE = {The homotopy theory of {$dg$}-categories and derived {M}orita
              theory},
   JOURNAL = {Invent. Math.},
  FJOURNAL = {Inventiones Mathematicae},
    VOLUME = {167},
      YEAR = {2007},
    NUMBER = {3},
     PAGES = {615--667},
      ISSN = {0020-9910},
   MRCLASS = {18D05 (18E30 18G55 19D55)},
  MRNUMBER = {2276263},
MRREVIEWER = {Mark Hovey},
       URL = {https://doi.org/10.1007/s00222-006-0025-y},
}
@article {VR96,
    AUTHOR = {Van Rompay, Kristel},
     TITLE = {Segre product of {A}rtin-{S}chelter regular algebras of
              dimension {$2$} and embeddings in quantum {$\mathbf{P}^3$}'s},
   JOURNAL = {J. Algebra},
  FJOURNAL = {Journal of Algebra},
    VOLUME = {180},
      YEAR = {1996},
    NUMBER = {2},
     PAGES = {483--512},
      ISSN = {0021-8693},
   MRCLASS = {16W50 (16P40 16S80)},
  MRNUMBER = {1378541},
MRREVIEWER = {Michel Van den Bergh},
       URL = {https://doi.org/10.1006/jabr.1996.0078},
}
@article {VdB,
    AUTHOR = {Van den Bergh, Michel},
     TITLE = {Blowing up of non-commutative smooth surfaces},
   JOURNAL = {Mem. Amer. Math. Soc.},
  FJOURNAL = {Memoirs of the American Mathematical Society},
    VOLUME = {154},
      YEAR = {2001},
    NUMBER = {734},
     PAGES = {x+140},
      ISSN = {0065-9266},
   MRCLASS = {16S38 (14A22 16E99)},
  MRNUMBER = {1846352},
MRREVIEWER = {Colin J. Ingalls},
       URL = {https://doi.org/10.1090/memo/0734},
}
@article {Verdier,
    AUTHOR = {Verdier, Jean-Louis},
     TITLE = {Des cat\'egories d\'eriv\'ees des cat\'egories ab\'eliennes},
      NOTE = {With a preface by Luc Illusie, Edited and with a note by Georges Maltsiniotis},
   JOURNAL = {Ast\'erisque},
  FJOURNAL = {Ast\'erisque},
    NUMBER = {239},
      YEAR = {1996},
     PAGES = {xii+253 pp. (1997)},
      ISSN = {0303-1179},
   MRCLASS = {18E30 (18-03 18E35)},
  MRNUMBER = {1453167},
MRREVIEWER = {Amnon Neeman},
}
@book {Weibel94,
    AUTHOR = {Weibel, Charles A.},
     TITLE = {An introduction to homological algebra},
    SERIES = {Cambridge Studies in Advanced Mathematics},
    VOLUME = {38},
 PUBLISHER = {Cambridge University Press, Cambridge},
      YEAR = {1994},
     PAGES = {xiv+450},
      ISBN = {0-521-43500-5; 0-521-55987-1},
   MRCLASS = {18-01 (16-01 17-01 20-01 55Uxx)},
  MRNUMBER = {1269324},
MRREVIEWER = {Kenneth A. Brown},
       URL = {https://doi.org/10.1017/CBO9781139644136},
}
@article {Zhang96,
    AUTHOR = {Zhang, J. J.},
     TITLE = {Twisted graded algebras and equivalences of graded categories},
   JOURNAL = {Proc. London Math. Soc. (3)},
  FJOURNAL = {Proceedings of the London Mathematical Society. Third Series},
    VOLUME = {72},
      YEAR = {1996},
    NUMBER = {2},
     PAGES = {281--311},
      ISSN = {0024-6115},
   MRCLASS = {16W50 (16D90 16S80)},
  MRNUMBER = {1367080},
MRREVIEWER = {Jan Trlifaj},
       URL = {https://doi.org/10.1112/plms/s3-72.2.281},
}
@article {MR1469646,
    AUTHOR = {van den Bergh, Michel},
     TITLE = {Existence theorems for dualizing complexes over
              non-commutative graded and filtered rings},
   JOURNAL = {J. Algebra},
  FJOURNAL = {Journal of Algebra},
    VOLUME = {195},
      YEAR = {1997},
    NUMBER = {2},
     PAGES = {662--679},
      ISSN = {0021-8693},
   MRCLASS = {16E30 (16W60)},
  MRNUMBER = {1469646},
MRREVIEWER = {Amnon Yekutieli},
       URL = {https://doi.org/10.1006/jabr.1997.7052},
}
@book{Goodearl,
  title={An introduction to noncommutative Noetherian rings},
  author={Goodearl, Kenneth R and Warfield Jr, Robert Breckenridge},
  volume={61},
  year={2004},
  publisher={Cambridge University Press}
}