%A
@article{AZ,
  title={Noncommutative projective schemes},
  author={Artin, Michael and Zhang, James J},
  journal={Advances in mathematics},
  volume={109},
  number={2},
  pages={228--287},
  year={1994},
  publisher={Elsevier}
}
%B
@article{BFK,
  title={A category of kernels for equivariant factorizations and its implications for Hodge theory},
  author={Ballard, Matthew and Favero, David and Katzarkov, Ludmil},
  journal={Publications math{\'e}matiques de l'IH{\'E}S},
  volume={120},
  number={1},
  pages={1--111},
  year={2014},
  publisher={Springer}
}
@article{BV,
  title={Generators and representability of functors in commutative and noncommutative geometry},
  author={Bondal, Aleksei Igorevich and Van den Bergh, Michel},
  journal={Moscow Mathematical Journal},
  volume={3},
  number={1},
  pages={1--36},
  year={2003},
  publisher={Независимый Московский университет--МЦНМО}
}
@article{BFN,
  title={Integral transforms and Drinfeld centers in derived algebraic geometry},
  author={Ben-Zvi, David and Francis, John and Nadler, David},
  journal={Journal of the American Mathematical Society},
  volume={23},
  number={4},
  pages={909--966},
  year={2010}
}
@book{Borceux2,
  title={Handbook of Categorical Algebra: Volume 2, Categories and Structures},
  author={Borceux, Francis},
  publisher={Cambridge University Press, Cambridge},
  isbn={9780521441797},
  series={Cambridge Studies in Philosoph},
  year={1994},
}
%C
@article{CS,
  title={Internal Homs via extensions of dg functors},
  author={Canonaco, Alberto and Stellari, Paolo},
  journal={Advances in Mathematics},
  volume={277},
  pages={100--123},
  year={2015},
  publisher={Elsevier}
}
%D
@article{Dyckerhoff,
  title={Compact generators in categories of matrix factorizations},
  author={Dyckerhoff, Tobias},
  journal={Duke Mathematical Journal},
  volume={159},
  number={2},
  pages={223--274},
  year={2011},
  publisher={Duke University Press}
}
%F
@phdthesis{Farman,
	author		= "Blake A. Farman",
	title		= "The geometry of derived categories on noncommutative projective schemes",
	school		= "University of South Carolina",
	year		= "2018",
	note		= "In Preparation",
}
%H
@book{Hov98,
  title={Model Categories},
  author={Hovey, Mark},
  year={2007},
  publisher={American Mathematical Society}
}
@article{Hov01,
  title={Model category structures on chain complexes of sheaves},
  author={Hovey, Mark},
  journal={Transactions of the American Mathematical Society},
  volume={353},
  number={6},
  pages={2441--2457},
  year={2001}
}
%K
@article{Kana,
  title={Non-commutative projective Calabi--Yau schemes},
  author={Kanazawa, Atsushi},
  journal={Journal of Pure and Applied Algebra},
  volume={219},
  number={7},
  pages={2771--2780},
  year={2015},
  publisher={Elsevier}
}
@article{Kel95,
author = {Keller, Bernhard},
journal = {Annales scientifiques de l'École Normale Supérieure},
keywords = {triangulated category; Morita theorem; derived category; Koszul duality},
language = {eng},
number = {1},
pages = {63-102},
publisher = {Elsevier},
title = {Deriving DG categories},
url = {http://eudml.org/doc/82359},
volume = {27},
year = {1994},
}
%L
@article{Lunts-Orlov,
  title={Uniqueness of enhancement for triangulated categories},
  author={Lunts, Valery and Orlov, Dmitri},
  journal={Journal of the American Mathematical Society},
  volume={23},
  number={3},
  pages={853--908},
  year={2010}
}
%M
@article{MatherYau,
  title={Classification of isolated hypersurface singularities by their moduli algebras},
  author={Mather, John N and Yau, Stephen S-T},
  journal={Inventiones mathematicae},
  volume={69},
  number={2},
  pages={243--251},
  year={1982},
  publisher={Springer}
}
@article{Morita,
  title={Duality for modules and its applications to the theory of rings with minimum condition},
  author={Morita, Kiiti},
  journal={Science Reports of the Tokyo Kyoiku Daigaku, Section A},
  volume={6},
  number={150},
  pages={83--142},
  year={1958},
  publisher={JSTOR}
}
%N
@book{NeemanTCats,
  title={Triangulated Categories.(AM-148)},
  author={Neeman, Amnon},
  volume={148},
  year={2014},
  publisher={Princeton University Press},
  isbn={9780691086866},
}
%O
@article{Orlov,
  title={Equivalences of derived categories and K3 surfaces},
  author={Orlov, Dmitri O},
  journal={Journal of Mathematical Sciences},
  volume={84},
  number={5},
  pages={1361--1381},
  year={1997},
  publisher={Springer}
}
@article{OrlovMF,
  title={Derived categories of coherent sheaves and triangulated categories of singularities},
  author={Orlov, Dmitri},
  journal={Algebra, arithmetic, and geometry: in honor of Yu. I. Manin},
  volume={2},
  pages={503--531},
  year={2009},
  publisher={Springer}
}
%P
@article{PV,
  title={Chern characters and Hirzebruch--Riemann--Roch formula for matrix factorizations},
  author={Polishchuk, Alexander and Vaintrob, Arkady},
  journal={Duke Mathematical Journal},
  volume={161},
  number={10},
  pages={1863--1926},
  year={2012},
  publisher={Duke University Press},
}
%R
@article{Rickard,
  title={Morita Theory for Derived Categories},
  author={Rickard, Jeremy},
  journal={Journal of the London Mathematical Society},
  volume={2},
  number={3},
  pages={436--456},
  year={1989},
  publisher={Wiley Online Library}
}
%S
@article{Spaltenstein,
  title={Resolutions of unbounded complexes},
  author={Spaltenstein, Nicolas},
  journal={Compositio Mathematica},
  volume={65},
  number={2},
  pages={121--154},
  year={1988}
}
@book{Stenstrom,
    author    = "Stenstr{\"o}m, Bo",
    title     = "Rings of quotients: an introduction to methods of ring theory",
    publisher = "Springer-Verlag Berlin Heidelberg",
    volume   = "217",
    series   = "Grundlehren der mathematischen Wissenschaften",
    edition  = "1",
    year      = "1975",
}
@unpublished{stacks-project,
      author       = {The Stacks Project Authors},
      title        = {\itshape Stacks Project},
      howpublished = {\url{http://stacks.math.columbia.edu}},
      year         = {2017},
}

%T
@article{Tab05,
  title={Une structure de cat{\'e}gorie de modeles de Quillen sur la cat{\'e}gorie des dg-cat{\'e}gories},
  author={Tabuada, Goncalo},
  journal={Comptes Rendus Mathematique},
  volume={340},
  number={1},
  pages={15--19},
  year={2005},
  publisher={Elsevier}
}
@article{Toen,
  title={The homotopy theory of dg-categories and derived Morita theory},
  author={To{\"e}n, Bertrand},
  journal={Inventiones mathematicae},
  volume={167},
  number={3},
  pages={615--667},
  year={2007},
  publisher={Springer}
}
%V
@article{VdB,
  title={Existence theorems for dualizing complexes over non-commutative graded and filtered rings},
  author={Van den Bergh, Michel},
  journal={Journal of Algebra},
  volume={195},
  number={2},
  pages={662--679},
  year={1997},
  publisher={Elsevier}
}
@article{VR96,
  title={Segre Product of Artin--Schelter Regular Algebras of Dimension 2 and Embeddings in Quantum P3's},
  author={Van Rompay, Kristel},
  journal={Journal of Algebra},
  volume={180},
  number={2},
  pages={483--512},
  year={1996},
  publisher={Elsevier}
}
%Z
@article{Zhang,
  title={Twisted Graded Algebras and Equivalences of Graded Categories},
  author={Zhang, JJ},
  journal={Proceedings of the London Mathematical Society},
  volume={3},
  number={2},
  pages={281--311},
  year={1996},
  publisher={Oxford University Press}
}