@Book{Koerner,
author = "K{\"{o}}rner, T. W.",
title = "The Pleasures of Counting",
publisher = "Cambridge University Press",
year = "1996",
address = "New York",
}

@Book{Hinsley,
author = "Hinsley, F. H. and Stripp, Alan ",
title = "Codebreakers: the inside story of Bletchley Park",
publisher = "Oxford University Press",
year = "1993",
address = "Oxford;New York",
}