@Book{West,
author = "West, Douglas B.",
title = "Introduction to Graph Theory",
publisher = "Prentice-Hall",
year = "2001, 1996",
address = "Upper Saddle River, NJ",
}