%A
@inbook{ArtinConj,
place={Cambridge},
series={London Mathematical Society Lecture Note Series},
title={Some Problems On Three-Dimensional Graded Domains},
DOI={10.1017/CBO9780511525995.002},
booktitle={Representation Theory and Algebraic Geometry},
publisher={Cambridge University Press},
author={Artin, M.},
editor={Martsinkovsky, A. and Todorov, G.Editors},
year={1997},
pages={1–20},
collection={London Mathematical Society Lecture Note Series}}
@article{AS87,
  title={Graded algebras of global dimension 3},
  author={Artin, Michael and Schelter, William F},
  journal={Advances in Mathematics},
  volume={66},
  number={2},
  pages={171--216},
  year={1987},
  publisher={Elsevier}
}
@incollection{ATV,
  title={Some algebras associated to automorphisms of elliptic curves},
  author={Artin, Michael and Tate, John and Van den Bergh, Michel},
  booktitle={The Grothendieck Festschrift},
  pages={33--85},
  year={2007},
  publisher={Springer}
}
@article{AZ94,
    author  = "Artin, Michael and Zhang, J.J.",
    title   = "Noncommutative Projective Schemes",
    year    = "1994",
    journal = "Adv. Math.",
    volume  = "109",
    number  = "2",
    pages   = "228-287"
}
@article{AS95,
  title={Noncommutative graded domains with quadratic growth},
  author={Artin, Michael and Stafford, J Toby},
  journal={Inventiones mathematicae},
  volume={122},
  number={1},
  pages={231--276},
  year={1995},
  publisher={Springer}
}
@article{AnToe,
  title={D{\'e}nombrabilit{\'e} des classes d'{\'e}quivalences d{\'e}riv{\'e}es de vari{\'e}t{\'e}s alg{\'e}briques.},
  author={Anel, Mathieu and To{\"e}n, Bertrand},
  journal={Journal of Algebraic Geometry},
  volume={18},
  pages={257--277},
  year={2008}
}
%B
@article{BFK,
  title={A category of kernels for equivariant factorizations and its implications for Hodge theory},
  author={Ballard, Matthew and Favero, David and Katzarkov, Ludmil},
  journal={Publications math{\'e}matiques de l'IH{\'E}S},
  volume={120},
  number={1},
  pages={1--111},
  year={2014},
  publisher={Springer}
}
@unpublished{BF17,
	author	= "Ballard, Matthew R. and Farman, Blake A.",
	title	= "Kernels for Noncommutative Projective Schemes",
	year	= "2017",
	month	= "Sept.",
	note	= "arXiv: 1709.06470",
}
@article{BFN,
  title={Integral transforms and Drinfeld centers in derived algebraic geometry},
  author={Ben-Zvi, David and Francis, John and Nadler, David},
  journal={Journal of the American Mathematical Society},
  volume={23},
  number={4},
  pages={909--966},
  year={2010}
}
@article{Bondal-Orlov,
  title={Semiorthogonal decomposition for algebraic varieties},
  author={Bondal, Alexei and Orlov, Dmitri},
  journal={arXiv preprint alg-geom/9506012},
  year={1995}
}
@article{BVdB,
  title={Generators and representability of functors in commutative and noncommutative geometry},
  author={Bondal, Aleksei Igorevich and Van den Bergh, Michel},
  journal={Moscow Mathematical Journal},
  volume={3},
  number={1},
  pages={1--36},
  year={2003},
  publisher={Независимый Московский университет--МЦНМО}
}
@article{Bridgeland02,
  title={Flops and derived categories},
  author={Bridgeland, Tom},
  journal={Inventiones mathematicae},
  volume={147},
  number={3},
  pages={613--632},
  year={2002},
  publisher={Springer}
}
@inproceedings{Bridgeland06,
	author		= {Tom Bridgeland},
	title		= {Derived categories of coherent sheaves},
	booktitle	= {Proc. International Congress of Mathematicians},
	volume		= {II},
	pages		= {563-582},
	address         = {Madrid, Spain},	
	year		= {2006}
}
%D
@article{dyck,
  title={Compact generators in categories of matrix factorizations},
  author={Dyckerhoff, Tobias and others},
  journal={Duke Mathematical Journal},
  volume={159},
  number={2},
  pages={223--274},
  year={2011},
  publisher={Duke University Press}
}
%H
@book{HuyFMT,
  title={Fourier-Mukai transforms in algebraic geometry},
  author={Huybrechts, Daniel},
  year={2006},
  publisher={Oxford University Press on Demand}
}
@article{mukai1981duality,
  title={Duality between D (X) and with its application to Picard sheaves},
  author={Mukai, Shigeru},
  journal={Nagoya Mathematical Journal},
  volume={81},
  pages={153--175},
  year={1981},
  publisher={Cambridge University Press}
}
%K
@article{kanazawa2015,
  title={Non-commutative projective Calabi--Yau schemes},
  author={Kanazawa, Atsushi},
  journal={Journal of Pure and Applied Algebra},
  volume={219},
  number={7},
  pages={2771--2780},
  year={2015},
  publisher={Elsevier}
}
@article{kawamata2002,
  title={D-equivalence and K-equivalence},
  author={Kawamata, Yujiro and others},
  journal={Journal of Differential Geometry},
  volume={61},
  number={1},
  pages={147--171},
  year={2002},
  publisher={Lehigh University}
}
%L
@article{lesieutre2014,
  title={Derived-equivalent rational threefolds},
  author={Lesieutre, John},
  journal={International Mathematics Research Notices},
  volume={2015},
  number={15},
  pages={6011--6020},
  year={2014},
  publisher={Oxford University Press}
}
@article{Lunts-Orlov,
  title={Uniqueness of enhancement for triangulated categories},
  author={Lunts, Valery and Orlov, Dmitri},
  journal={Journal of the American Mathematical Society},
  volume={23},
  number={3},
  pages={853--908},
  year={2010}
}
%M
@article{Mukai81,
  title={Duality between D (X) and with its application to Picard sheaves},
  author={Mukai, Shigeru},
  journal={Nagoya Mathematical Journal},
  volume={81},
  pages={153--175},
  year={1981},
  publisher={Cambridge University Press}
}
@inproceedings{Mukai87,
  title={On the moduli space of bundles on K3 surfaces: I},
  author={Mukai, Shigeru},
  booktitle={Vector Bundles on Algebraic Varieties (Proceeding of the Bombay Conference 1984)', Tata Institute of Fundamental Research Studie},
  volume={11},
  pages={341--413},
  year={1987},
  organization={Oxford University Press}
}
%O
@Article{Orlov1997,
author="Orlov, D. O.",
title="Equivalences of derived categories and K3 surfaces",
journal="Journal of Mathematical Sciences",
year="1997",
month="May",
day="01",
volume="84",
number="5",
pages="1361--1381",
abstract="We consider derived categories of coherent sheaves on smooth projective variaties. We prove that any equivalence between them can be represented by an object on the product. Using this, we give a necessary and sufficient condition for equivalence of derived categories of two K3 surfaces.",
issn="1573-8795",
doi="10.1007/BF02399195",
url="https://doi.org/10.1007/BF02399195"
}
%P
@article{PV,
  title={Chern characters and Hirzebruch--Riemann--Roch formula for matrix factorizations},
  author={Polishchuk, Alexander and Vaintrob, Arkady and others},
  journal={Duke Mathematical Journal},
  volume={161},
  number={10},
  pages={1863--1926},
  year={2012},
  publisher={Duke University Press}
}
%R
@article{Reiten-VdB,
  title={Noetherian hereditary categories satisfying Serre duality},
  author={Reiten, Idun and Bergh, Michel Van den},
  journal={arXiv preprint math/9911242},
  year={1999}
}
@article{rogalski2009class,
  title={A class of noncommutative projective surfaces},
  author={Rogalski, D and Stafford, JT},
  journal={Proceedings of the London Mathematical Society},
  volume={99},
  number={1},
  pages={100--144},
  year={2009},
  publisher={Wiley Online Library}
}
%S
@inproceedings{Stafford02,
	author		= "J. T. Stafford",
	title		= "Noncommutative Projective Geometry",
	booktitle	= "Proc. International Congress of Mathematicians",
	volume		= "II",
	pages		= "93-104",
	year		= "2002",
	address         = "Beijing",
}
@article{Stephenson96,
  title={Artin--Schelter regular algebras of global dimension three},
  author={Stephenson, Darin R},
  journal={Journal of Algebra},
  volume={183},
  number={1},
  pages={55--73},
  year={1996},
  publisher={Elsevier}
}
@article{Stephenson97,
  title={Algebras associated to elliptic curves},
  author={Stephenson, Darin},
  journal={Transactions of the American Mathematical Society},
  volume={349},
  number={6},
  pages={2317--2340},
  year={1997}
}
%T
@article{Toen,
  title={The homotopy theory of dg-categories and derived Morita theory},
  author={To{\"e}n, Bertrand},
  journal={Inventiones mathematicae},
  volume={167},
  number={3},
  pages={615--667},
  year={2007},
  publisher={Springer}
}