@ARTICLE{KNCP,
   author = {{Ballard}, M.~R. and {Farman}, B.~A.},
    title = "{Kernels for Noncommutative Projective Schemes}",
  journal = {ArXiv e-prints},
archivePrefix = "arXiv",
   eprint = {1709.06470},
 primaryClass = "math.RA",
 keywords = {Mathematics - Rings and Algebras, Mathematics - Algebraic Geometry, Mathematics - Category Theory, Mathematics - Quantum Algebra, 14A22, 16D90},
     year = 2017,
    month = sep,
   adsurl = {http://adsabs.harvard.edu/abs/2017arXiv170906470B},
  adsnote = {Provided by the SAO/NASA Astrophysics Data System}
}

@article{Tohoku,
  Author = {Grothendieck, Alexander},
  Title = {Sur quelques points d'alg\`{e}bre homologique, I},
  Journal = {Tohoku Mathematical Journal},
  Volume = {9},
  Number = {2},
  Year = {1957},
  Pages = {119--221},
  Keywords = {}
}
@article{Ga62,
author = {Gabriel, P.},
journal = {Bulletin de la Société Mathématique de France},
language = {fre},
pages = {323-448},
publisher = {Société mathématique de France},
title = {D\`{e}s cat\'{e}gories ab\'{e}liennes},
url = {http://eudml.org/doc/87023},
volume = {90},
year = {1962},
}
@book{KaSch05,
  title={Categories and Sheaves},
  author={Kashiwara, M. and Schapira, P.},
  isbn={9783540279501},
  lccn={2005930329},
  series={Grundlehren der mathematischen Wissenschaften},
  url={https://books.google.com/books?id=mc5DAAAAQBAJ},
  year={2005},
  publisher={Springer Berlin Heidelberg}
}
@book{Weibel95,
  title={An Introduction to Homological Algebra},
  author={Weibel, C.A.},
  isbn={9780521559874},
  lccn={93015649},
  series={Cambridge Studies in Advanced Mathematics},
  url={https://books.google.com/books?id=flm-dBXfZ\_gC},
  year={1995},
  publisher={Cambridge University Press}
}
