@Book{strogatz,
author = "Strogatz, Steven H.",
title = "Nonlinear Dynamics and Chaos",
publisher = "Addison-Wesley",
year = "1994",
address = "Reading, MA",
}